@article{roesslein2020tweepy,
  title={Tweepy: Twitter for Python!},
  author={Roesslein, Joshua},
  journal={URL: https://github.com/tweepy/tweepy},
  year={2020}
}

@misc{BrigadirRepo,
  author = {Brigadir, Igor},
  title = {List of Stopwords},
  year = {2019},
  publisher = {GitHub},
  journal = {GitHub repository},
  howpublished = {\url{https://github.com/igorbrigadir/stopwords}},
  commit = {ab85d86c3fac0360020a921b91ccf9d697b54757}
}
